<record><leader>00000cas a22000007a 4500</leader><controlfield tag="001">12877395</controlfield><controlfield tag="008">851206d19171924wvuwr ne      0    0eng d</controlfield><datafield ind1=" " ind2=" " tag="010"><subfield code="a">sn 85059745 </subfield></datafield><datafield ind1=" " ind2=" " tag="040"><subfield code="a">WVC</subfield><subfield code="b">eng</subfield><subfield code="c">WVC</subfield><subfield code="d">OCL</subfield><subfield code="d">OCLCQ</subfield></datafield><datafield ind1=" " ind2=" " tag="042"><subfield code="a">msc</subfield></datafield><datafield ind1="0" ind2="4" tag="245"><subfield code="a">The Herald-express.</subfield></datafield><datafield ind1=" " ind2=" " tag="260"><subfield code="a">Salem, W. Va. :</subfield><subfield code="b">Salem Herald Co.</subfield></datafield><datafield ind1=" " ind2=" " tag="300"><subfield code="a">v.</subfield></datafield><datafield ind1=" " ind2=" " tag="310"><subfield code="a">Weekly</subfield></datafield><datafield ind1="1" ind2=" " tag="362"><subfield code="a">Began in 1917; ceased in 1924.</subfield></datafield><datafield ind1=" " ind2=" " tag="500"><subfield code="a">Published every Thursday.</subfield></datafield><datafield ind1=" " ind2=" " tag="500"><subfield code="a">Editor: Wade Pepper.</subfield></datafield><datafield ind1=" " ind2=" " tag="580"><subfield code="a">Formed by the union of: Salem express, and: Salem herald.</subfield></datafield><datafield ind1=" " ind2=" " tag="588"><subfield code="a">Description based on: Vol. 1, no. 3 (Jan. 18, 1917).</subfield></datafield><datafield ind1=" " ind2=" " tag="752"><subfield code="a">United States</subfield><subfield code="b">West Virginia</subfield><subfield code="c">Harrison</subfield><subfield code="d">Salem.</subfield></datafield><datafield ind1="1" ind2="4" tag="780"><subfield code="t">Salem express</subfield><subfield code="w">(DLC)sn 85059743</subfield></datafield><datafield ind1="1" ind2="4" tag="780"><subfield code="t">Salem herald (Salem, W. Va. : 1898)</subfield><subfield code="w">(DLC)sn 85059744</subfield></datafield><datafield ind1="0" ind2="0" tag="785"><subfield code="t">Salem herald (Salem, W. Va. : 1924)</subfield><subfield code="w">(DLC)sn 85059746</subfield></datafield></record>